@article{Choreographic,
  author       = {Lu{\'{\i}}s Cruz{-}Filipe and
                  Fabrizio Montesi and
                  Marco Peressotti},
  title        = {A Formal Theory of Choreographic Programming},
  journal      = {J. Autom. Reason.},
  volume       = {67},
  number       = {2},
  pages        = {21},
  year         = {2023},
  url          = {https://doi.org/10.1007/s10817-023-09665-3},
  doi          = {10.1007/S10817-023-09665-3},
  timestamp    = {Tue, 12 Sep 2023 07:57:44 +0200},
  biburl       = {https://dblp.org/rec/journals/jar/CruzFilipeMP23.bib},
  bibsource    = {dblp computer science bibliography, https://dblp.org}
}

@article{objective_Choreographies,
  author       = {Saverio Giallorenzo and
                  Fabrizio Montesi and
                  Marco Peressotti},
  title        = {Choreographies as Objects},
  journal      = {CoRR},
  volume       = {abs/2005.09520},
  year         = {2020},
  url          = {https://arxiv.org/abs/2005.09520},
  eprinttype    = {arXiv},
  eprint       = {2005.09520},
  timestamp    = {Fri, 22 May 2020 16:21:28 +0200},
  biburl       = {https://dblp.org/rec/journals/corr/abs-2005-09520.bib},
  bibsource    = {dblp computer science bibliography, https://dblp.org}
}

@article{endpoint,
      author    = {Alceste Scalas and
                  Nobuko Yoshida},
      title     = {Less is more: multiparty session types revisited},
      journal   = {POPL},
      year      = {2019},
}

@misc{choral,
title = {Choral},
note = {\url{https://www.choral-lang.org/}}
}
