@article{Choreographic,
  author       = {Lu{\'{\i}}s Cruz{-}Filipe and
                  Fabrizio Montesi and
                  Marco Peressotti},
  title        = {A Formal Theory of Choreographic Programming},
  journal      = {J. Autom. Reason.},
  volume       = {67},
  number       = {2},
  pages        = {21},
  year         = {2023},
  url          = {https://doi.org/10.1007/s10817-023-09665-3},
  doi          = {10.1007/S10817-023-09665-3},
  timestamp    = {Tue, 12 Sep 2023 07:57:44 +0200},
  biburl       = {https://dblp.org/rec/journals/jar/CruzFilipeMP23.bib},
  bibsource    = {dblp computer science bibliography, https://dblp.org}
}

@article{objective_Choreographies,
  author       = {Saverio Giallorenzo and
                  Fabrizio Montesi and
                  Marco Peressotti},
  title        = {Choreographies as Objects},
  journal      = {CoRR},
  volume       = {abs/2005.09520},
  year         = {2020},
  url          = {https://arxiv.org/abs/2005.09520},
  eprinttype    = {arXiv},
  eprint       = {2005.09520},
  timestamp    = {Fri, 22 May 2020 16:21:28 +0200},
  biburl       = {https://dblp.org/rec/journals/corr/abs-2005-09520.bib},
  bibsource    = {dblp computer science bibliography, https://dblp.org}
}

@article{endpoint,
      author    = {Alceste Scalas and
                  Nobuko Yoshida},
      title     = {Less is more: multiparty session types revisited},
      journal   = {Proc. {ACM} Program. Lang.},
      volume    = {3},
      number    = {{POPL}},
      pages     = {30:1--30:29},
      year      = {2019},
      url       = {https://doi.org/10.1145/3290343},
      doi       = {10.1145/3290343},
      timestamp = {Fri, 09 Apr 2021 18:19:47 +0200},
      biburl    = {https://dblp.org/rec/journals/pacmpl/ScalasY19.bib},
      bibsource = {dblp computer science bibliography, https://dblp.org}
}


@misc{choral,
title = {Choral},
note = {\url{https://www.choral-lang.org/}}
}

@misc{ex_choral,
title = {Choral example.},
note = {\url{https://github.com/choral-lang/examples/tree/master}}
}

@misc{mypy,
title = {mypy},
note = {\url{https://mypy.readthedocs.io/en/stable/}}
}

@inproceedings{DBLP:conf/forte/Cruz-FilipeLM23,
  author       = {Lu{\'{\i}}s Cruz{-}Filipe and
                  Lovro Lugovic and
                  Fabrizio Montesi},
  editor       = {Marieke Huisman and
                  Ant{\'{o}}nio Ravara},
  title        = {Certified Compilation of Choreographies with hacc},
  booktitle    = {Formal Techniques for Distributed Objects, Components, and Systems
                  - 43rd {IFIP} {WG} 6.1 International Conference, {FORTE} 2023, Held
                  as Part of the 18th International Federated Conference on Distributed
                  Computing Techniques, DisCoTec 2023, Lisbon, Portugal, June 19-23,
                  2023, Proceedings},
  series       = {Lecture Notes in Computer Science},
  volume       = {13910},
  pages        = {29--36},
  publisher    = {Springer},
  year         = {2023},
  url          = {https://doi.org/10.1007/978-3-031-35355-0\_3},
  doi          = {10.1007/978-3-031-35355-0\_3},
  timestamp    = {Fri, 07 Jul 2023 23:30:53 +0200},
  biburl       = {https://dblp.org/rec/conf/forte/Cruz-FilipeLM23.bib},
  bibsource    = {dblp computer science bibliography, https://dblp.org}
}